% Bib file template extracted from TRB template -> Info bellow
% Repository:  https://github.com/chiehrosswang/TRB_LaTeX_tex
%
% Transportation Research Board conference paper template
% version 4.0 Lite (updates made to be compatible in Overleaf and ShareLaTeX)

@article{dhiman2017spotted,
  title={Spotted hyena optimizer: a novel bio-inspired based metaheuristic technique for engineering applications},
  author={Dhiman, Gaurav and Kumar, Vijay},
  journal={Advances in Engineering Software},
  volume={114},
  pages={48--70},
  year={2017},
  publisher={Elsevier},
  url = {https://www.sciencedirect.com/science/article/abs/pii/S0965997816305567}
}

@inproceedings{dhiman2017spotted,
  title={Spotted hyena optimizer for solving engineering design problems},
  author={Dhiman, Gaurav and Kaur, Amandeep},
  booktitle={2017 international conference on machine learning and data science (MLDS)},
  pages={114--119},
  year={2017},
  organization={IEEE}
}

@inproceedings{dhiman2019spotted,
  title={Spotted hyena optimizer for solving complex and non-linear constrained engineering problems},
  author={Dhiman, Gaurav and Kumar, Vijay},
  booktitle={Harmony Search and Nature Inspired Optimization Algorithms: Theory and Applications, ICHSA 2018},
  pages={857--867},
  year={2019},
  organization={Springer}
}


@article{dhiman2018multi,
  title={Multi-objective spotted hyena optimizer: a multi-objective optimization algorithm for engineering problems},
  author={Dhiman, Gaurav and Kumar, Vijay},
  journal={Knowledge-Based Systems},
  volume={150},
  pages={175--197},
  year={2018},
  publisher={Elsevier}
}

@article{kumar2020binary,
  title={Binary spotted hyena optimizer and its application to feature selection},
  author={Kumar, Vijay and Kaur, Avneet},
  journal={Journal of Ambient Intelligence and Humanized Computing},
  volume={11},
  pages={2625--2645},
  year={2020},
  publisher={Springer}
}

@article{ghafori2021advances,
  title={Advances in spotted hyena optimizer: a comprehensive survey},
  author={Ghafori, Shafih and Gharehchopogh, Farhad Soleimanian},
  journal={Archives of computational methods in engineering},
  pages={1--22},
  year={2021},
  publisher={Springer}
}
@inproceedings{dhiman2017spotted,
  title={Spotted hyena optimizer for solving engineering design problems},
  author={Dhiman, Gaurav and Kaur, Amandeep},
  booktitle={2017 international conference on machine learning and data science (MLDS)},
  pages={114--119},
  year={2017},
  organization={IEEE}
}

@article{luo2021using,
  title={Using spotted hyena optimizer for training feedforward neural networks},
  author={Luo, Qifang and Li, Jie and Zhou, Yongquan and Liao, Ling},
  journal={Cognitive Systems Research},
  volume={65},
  pages={1--16},
  year={2021},
  publisher={Elsevier}
}

@article{ghafori2021advances,
  title={Advances in spotted hyena optimizer: a comprehensive survey},
  author={Ghafori, Shafih and Gharehchopogh, Farhad Soleimanian},
  journal={Archives of computational methods in engineering},
  pages={1--22},
  year={2021},
  publisher={Springer}
}

@article{kumar2020binary,
  title={Binary spotted hyena optimizer and its application to feature selection},
  author={Kumar, Vijay and Kaur, Avneet},
  journal={Journal of Ambient Intelligence and Humanized Computing},
  volume={11},
  pages={2625--2645},
  year={2020},
  publisher={Springer}
}
@article{ewees2021new,
  title={A new multi-objective optimization algorithm combined with opposition-based learning},
  author={Ewees, Ahmed A and Abd Elaziz, Mohamed and Oliva, Diego},
  journal={Expert Systems with Applications},
  volume={165},
  pages={113844},
  year={2021},
  publisher={Elsevier}
}

@article{mirjalili2019genetic,
  title={Genetic algorithm},
  author={Mirjalili, Seyedali and Mirjalili, Seyedali},
  journal={Evolutionary Algorithms and Neural Networks: Theory and Applications},
  pages={43--55},
  year={2019},
  publisher={Springer}
}

@article{yang2010firefly,
  title={Firefly algorithm, stochastic test functions and design optimisation},
  author={Yang, Xin-She},
  journal={International journal of bio-inspired computation},
  volume={2},
  number={2},
  pages={78--84},
  year={2010},
  publisher={Inderscience Publishers}
}

@inproceedings{kennedy1995particle,
  title={Particle swarm optimization},
  author={Kennedy, James and Eberhart, Russell},
  booktitle={Proceedings of ICNN'95-international conference on neural networks},
  volume={4},
  pages={1942--1948},
  year={1995},
  organization={IEEE}
}
@article{mirjalili2014grey,
  title={Grey wolf optimizer},
  author={Mirjalili, Seyedali and Mirjalili, Seyed Mohammad and Lewis, Andrew},
  journal={Advances in engineering software},
  volume={69},
  pages={46--61},
  year={2014},
  publisher={Elsevier}
}

@article{mirjalili2016sca,
  title={SCA: a sine cosine algorithm for solving optimization problems},
  author={Mirjalili, Seyedali},
  journal={Knowledge-based systems},
  volume={96},
  pages={120--133},
  year={2016},
  publisher={Elsevier}
}

@article{yang2010engineering,
  title={Engineering optimisation by cuckoo search},
  author={Yang, Xin-She and Deb, Suash},
  journal={International Journal of Mathematical Modelling and Numerical Optimisation},
  volume={1},
  number={4},
  pages={330--343},
  year={2010},
  publisher={Inderscience Publishers}
}
@inproceedings{mucherino2007monkey,
  title={Monkey search: a novel metaheuristic search for global optimization},
  author={Mucherino, Antonio and Seref, Onur},
  booktitle={AIP conference proceedings},
  volume={953},
  number={1},
  pages={162--173},
  year={2007},
  organization={American Institute of Physics}
}
@article{thieu_nguyen_2020_3711682,
  author       = {Thieu Nguyen},
  title        = {A framework of Optimization Functions using Numpy (OpFuNu) for optimization problems},
  year         = 2020,
  publisher    = {Zenodo},
  doi          = {10.5281/zenodo.3620960},
  url          = {https://doi.org/10.5281/zenodo.3620960.}
}